<?xml version="1.0" encoding="UTF-8"?><collection><record><leader>09072ntm a2200577 a 4500</leader><controlfield tag="001">006795821</controlfield><controlfield tag="003">MiAaHDL</controlfield><controlfield tag="005">20190719000000.0</controlfield><controlfield tag="006">m        d        </controlfield><controlfield tag="007">cr bn ---auaua</controlfield><controlfield tag="008">090521q16001630xx            00| ||ara d</controlfield><datafield tag="035" ind1=" " ind2=" "><subfield code="a">(MiU)006795821</subfield></datafield><datafield tag="035" ind1=" " ind2=" "><subfield code="a">sdr-miu006795821</subfield></datafield><datafield tag="040" ind1=" " ind2=" "><subfield code="a">MiU</subfield><subfield code="c">MiU</subfield><subfield code="e">amremm</subfield></datafield><datafield tag="043" ind1=" " ind2=" "><subfield code="a">n-us-mi</subfield><subfield code="a">aw-----</subfield><subfield code="a">ff-----</subfield><subfield code="a">e-sp---</subfield></datafield><datafield tag="100" ind1="1" ind2=" "><subfield code="6">880-01</subfield><subfield code="a">Fīrūzābādī, Muḥammad ibn Yaʻqūb,</subfield><subfield code="d">1329-1414 or 1415.</subfield></datafield><datafield tag="240" ind1="1" ind2="0"><subfield code="6">880-02</subfield><subfield code="a">Qāmūs al-muḥīṭ</subfield></datafield><datafield tag="245" ind1="1" ind2="0"><subfield code="6">880-03</subfield><subfield code="a">Kitāb al-Qāmūs al-muḥīṭ wa-al-qābūs al-wasīṭ al-jāmiʻ li-mā dhahaba min lughat al-ʻArab shamāṭīṭ,</subfield><subfield code="f">[early 17th century?].</subfield></datafield><datafield tag="246" ind1="3" ind2=" "><subfield code="i">Edge title (tail):</subfield><subfield code="a">قاموس</subfield></datafield><datafield tag="260" ind1=" " ind2=" "><subfield code="c">[1600-1630?].</subfield></datafield><datafield tag="300" ind1=" " ind2=" "><subfield code="a">419 leaves :</subfield><subfield code="b">paper ;</subfield><subfield code="c">273 x 184 (189 x 110) mm. bound to 273 x 188 mm.</subfield></datafield><datafield tag="500" ind1=" " ind2=" "><subfield code="a">Shelfmark: Ann Arbor, University of Michigan, Special Collections Library, Isl. Ms. 221</subfield></datafield><datafield tag="500" ind1=" " ind2=" "><subfield code="a">Origin: As appears in authorial colophon on p.838, composed in Mecca. Details on the origin of this copy lacking. Paper, hand, decoration, etc. suggest early 17th century (see Velkov, Les filigranes dans les documents ottomans). Date of waqf-seal impression provides a terminus ante quem of 1782.</subfield></datafield><datafield tag="500" ind1=" " ind2=" "><subfield code="a">Former shelfmark: "71 T. De M. [i.e. Tammaro De Marinis]" and "51" in pencil on front flyleaf (affixed to opening leaf) ; "124" in Hindu-Arabic numerals on tail of text block.</subfield></datafield><datafield tag="500" ind1=" " ind2=" "><subfield code="a">Binding: Pasteboards covered with black leather ; Type II binding (with flap), two-piece binding (seam of overlapping hinges visible at spine) ; doublures in red leather ; upper and lower covers carry large, stamped (red recessed onlays) and gold-painted mandorla (filled with vegetal composition, compare Déroche class. NA 4), pendants and cornerpieces as well as tooled and gold-painted chain and rule borders ; design continues on envelope flap ; sewn in white thread, two stations (repair to opening gathering in rose thread) ; worked chevron endbands in white and blue, good condition, primaries sewn through inner leather spine lining ; overall in fairly good condition with some abrasion, staining, etc.</subfield></datafield><datafield tag="500" ind1=" " ind2=" "><subfield code="a">Support: Gatherings mixed with leaves of non-European (likely Persianate) and European laid paper of at least two types ; all fairly thin, crisp and extremely well-burnished ; leaves of likely Persianate laid paper exhibiting especially cloudy formation with laid lines vertical but difficult to measure ; leaves of European laid paper, least two types, both with roughly 10 laid lines per cm. (horizontal), chain lines spaced 30-33 mm. apart (vertical, difficult to examine) and watermarks of cross in tear-drop shape with letters below (see p.68, 80, etc.) and of anchor in circle with trefoil above (see p.266, etc.).</subfield></datafield><datafield tag="500" ind1=" " ind2=" "><subfield code="a">Decoration: Splendid double-page illumination on pp.2-3 executed in gold, blue, orange-red, and white, consisting of rectangular panels corresponding to the written area, the panel of the right-hand with five large cartouches (set off by arabesques and floral motifs) carrying text "ونسخة قاموس قد تحررت بها مد مجد الدين فى الطرس ابحرا ففاخرت الافلاك فيها موادها وقد ملئت تبرا ودرا وجوهرا صلى الله على من لا نبي بعده وسلم" executed in white thuluth on gold grounds and surmounted by a rectangular headpiece (ʻunwān / sarlawḥ), the panel of the facing page with similar headpiece surmounting rectangular pieces carrying title, central medallion (shamsah) carrying an authorship statement, and rectangular piece with the ṣalwalah, all text in white on gold grounds set off by blue and red vegetal accents ; frames of gold, red, and blue rules defined by black fillets surround panels of opening illuminated titlepiece / frontispiece and incipit and facing pages ; illuminated roundels appear in the margins of all of the opening illuminated pages as well ; similar illuminated headpieces with cartouches carrying the basmalah, etc. appear on incipit page and facing page of the opening half of the text (pp.4-5) as well as at the opening of the second half (p.432) ; further rectangular headpieces set off chapter headings ; gold rule borders throughout ; section headings chrysographed, many keywords (terms) and letters (abbrevation symbols) rubricated ; textual dividers in the form of gold discs.</subfield></datafield><datafield tag="500" ind1=" " ind2=" "><subfield code="a">Script: Naskh ; small, elegant Syro-Egyptian or Turkish hand in a thin line ; mainly serifless with slight effect of inclination to the left, some elongation of horizontal strokes, curvilinear descenders, pointing in distinct dots ; mainly vocalized ; chapter headings, section headings, and keywords (terms) in larger script reminiscent of tawqīʻ.</subfield></datafield><datafield tag="500" ind1=" " ind2=" "><subfield code="a">Layout: Written in 37 lines per page ; impression of ruling board evident.</subfield></datafield><datafield tag="500" ind1=" " ind2=" "><subfield code="a">Collation: i (affixed to opening leaf), 3 V(30), V-2 (38), V (38), V-2 (56), 4 V(96), IV+1 (105), V (115), IV+1 (124), 5 V(174), IV+1 (183), V (193), 2 IV(209), III (215), 3 V(245), 2 II (249), 1 (250), 3 V(280), V-1 (289), V-2 (297), 4 V(337), V-1 (346), V (356), IV (364), V-3 (371), 2 V(391), V-1 (400), V (410), V-1 (419) ; chiefly quinions with several anomalous quires ; pages between the two halves of the work left blank (see p.430 and 431) ; catchwords present ; quire numbering in the form of Hindu-Arabic numerals, upper outer corner of the recto of the first leaf of each quire (3rd through 23rd, first half of the work) ; pagination in pencil, Western numerals, supplied during cataloguing.</subfield></datafield><datafield tag="500" ind1=" " ind2=" "><subfield code="a">Colophon: "Authorial," rectangular, reads, "قال مؤلفه الملتجي الى حرم الله تعالى محمد عفا الله عنه ابن يعقوب بن محمد الفيروزاباذي رحمهم الله تعالى هذا اخر القاموس المحيط والقابوس الوسيط عنيت بجمعه وتأليفه وتهدينه وترصيفه ولم ال جهدا في تلخيصه وتخليصه واتقانه راجيا انه يكون خالصا لوجه الله ورضوانه وقد يسر الله تعالى اتمامه بمنزلي على الصفا بمكة المشرفة تجاه الكعبة المعظمة زادها الله تعالى لعظما وشرفا وهيأ لقطان باحثها من بحابح الفراديس غرفا ونقع بهذا الكتاب المكنسي من تركها اخوانه وحسنه بالقبول لتستعير من حسنه الغواني لطائف المعاني أجزل من فضله العميم ثوابي وجعله نورا بين يدي يوم حسابي والحمد لله...والصلوة...وحسبنا الله ونعم الوكيل وصلى الله على سيدنا محمد واله وسلم"</subfield></datafield><datafield tag="500" ind1=" " ind2=" "><subfield code="a">Explicit: "لان قبلها كسرة تخلفها ويا الجزم المنبسط رأيت عبدي الله لم تسقط لانه لا خلف عنها"</subfield></datafield><datafield tag="500" ind1=" " ind2=" "><subfield code="a">Incipit: "الحمد لله منطق البلغا باللغى في البوادي ومودع اللسان السن اللسن الهوادي...وبعد فان للعلم رياضا وحياطا"</subfield></datafield><datafield tag="500" ind1=" " ind2=" "><subfield code="a">Title from illuminated titlepiece on p.3.</subfield></datafield><datafield tag="500" ind1=" " ind2=" "><subfield code="a">Ms. codex.</subfield></datafield><datafield tag="510" ind1="4" ind2=" "><subfield code="a">Velkov, Asparouh. Les filigranes dans les documents ottomans: divers types d’images. Sofia: Éditions "Texte - A. Trayanov", 2005.</subfield></datafield><datafield tag="510" ind1="4" ind2=" "><subfield code="a">Kut, Günay and Nimet Bayraktar. Yazma eserlerde vakıf mühürleri. (Ankara : Kültür ve Turizm Bakanlığı, 1984),</subfield><subfield code="c">no.119, pp.189-190</subfield></datafield><datafield tag="510" ind1="4" ind2=" "><subfield code="a">Brockelmann, C. GAL,</subfield><subfield code="c">ii, 181</subfield></datafield><datafield tag="520" ind1="8" ind2=" "><subfield code="a">Elegant copy of al-Fīrūzābādī's renowned dictionary of the Arabic language.</subfield></datafield><datafield tag="538" ind1=" " ind2=" "><subfield code="a">Mode of access: Internet.</subfield></datafield><datafield tag="541" ind1=" " ind2=" "><subfield code="c">Purchase ;</subfield><subfield code="a">Acquired by purchase (funds donated by Horace Rackham).</subfield><subfield code="d">1924.</subfield></datafield><datafield tag="546" ind1=" " ind2=" "><subfield code="a">Arabic.</subfield></datafield><datafield tag="561" ind1=" " ind2=" "><subfield code="a">Faint circular seal impression on p.4 ; faint almond-shaped seal impression on p.467 ; very large, almond-shaped waqf-seal impression on p.311 attesting to the bequest of Hacı Selim Ağa and dated 1197 [1781 or 2], reads "بسم الله قد وقفت هذا الكتاب المستطاب لوجه الله الملك الوهاب الحاج سليم اغا وشرط بان لا يخرج ولا يرهن فمن بدله بعدما سمعه فانما اثمه على الذين يبدلونه ١١٩٦".</subfield></datafield><datafield tag="650" ind1=" " ind2="0"><subfield code="a">Manuscripts, Arabic</subfield><subfield code="z">Michigan</subfield><subfield code="z">Ann Arbor.</subfield></datafield><datafield tag="650" ind1=" " ind2="0"><subfield code="a">Arabic language</subfield><subfield code="v">Dictionaries</subfield><subfield code="v">Early works to 1800.</subfield></datafield><datafield tag="655" ind1=" " ind2="7"><subfield code="a">Headpieces (layout features)</subfield><subfield code="z">Islamic empire</subfield><subfield code="y">17th century.</subfield><subfield code="2">aat</subfield></datafield><datafield tag="700" ind1="0" ind2=" "><subfield code="a">Abdülhamid</subfield><subfield code="b">II,</subfield><subfield code="c">Sultan of the Turks,</subfield><subfield code="d">1842-1918,</subfield><subfield code="e">former owner.</subfield></datafield><datafield tag="773" ind1="0" ind2=" "><subfield code="a">Abdul Hamid Collection.</subfield></datafield><datafield tag="880" ind1="1" ind2="0"><subfield code="6">245-03/</subfield><subfield code="a">كتاب القاموس المحيط والقابوس الوسيط الجامع لما ذهب من لغة العرب شماطيط,</subfield><subfield code="f">[اوائل القرن 17م؟].</subfield></datafield><datafield tag="880" ind1="1" ind2="0"><subfield code="6">240-02/</subfield><subfield code="a">قاموس المحيط</subfield></datafield><datafield tag="880" ind1="1" ind2=" "><subfield code="6">100-01/</subfield><subfield code="a">.فيروزابادي، محمد بن يعقوب</subfield></datafield><datafield tag="CID" ind1=" " ind2=" "><subfield code="a">006795821</subfield></datafield><datafield tag="DAT" ind1="0" ind2=" "><subfield code="a">20190719102636.0</subfield><subfield code="b">20190719000000.0</subfield></datafield><datafield tag="DAT" ind1="1" ind2=" "><subfield code="a">20190719090653.0</subfield><subfield code="b">2019-07-19T16:11:17Z</subfield></datafield><datafield tag="DAT" ind1="2" ind2=" "><subfield code="a">2015-10-10T18:00:06Z</subfield></datafield><datafield tag="CAT" ind1=" " ind2=" "><subfield code="a">SDR-MIU</subfield><subfield code="d">EX LIBRIS - ALEPH</subfield><subfield code="l">prepare.pl-004-008</subfield></datafield><datafield tag="FMT" ind1=" " ind2=" "><subfield code="a">BK</subfield></datafield><datafield tag="HOL" ind1=" " ind2=" "><subfield code="0">sdr-miu006795821</subfield><subfield code="a">MiU</subfield><subfield code="b">SDR</subfield><subfield code="c">MIU</subfield><subfield code="p">mdp.39015079126200</subfield><subfield code="s">MIU</subfield><subfield code="1">006795821</subfield></datafield><datafield tag="974" ind1=" " ind2=" "><subfield code="b">MIU</subfield><subfield code="c">MIU</subfield><subfield code="d">20190719</subfield><subfield code="s">lit-dlps-dc</subfield><subfield code="u">mdp.39015079126200</subfield><subfield code="y">1630</subfield><subfield code="r">pd</subfield><subfield code="q">bib</subfield><subfield code="t">non-US bib date2 &lt; 1879</subfield></datafield></record></collection>